@misc{hernandez2020robotica,
    author = {Yasmín Hernandez},
    title = {Robótica de Servicio},
    year = {2020},
    howpublished = {\url{https://www.researchgate.net/profile/Yasmin-Hernandez-2/publication/340634786_Robotica_de_Servicio/links/5e96334a4585150839de623a/Robotica-de-Servicio.pdf}},
    note = {Disponible en ResearchGate}
}

@misc{stanford_robotics_history,
    title = {Robotics: A Brief History},
    author = {Stanford University Computer Science Department},
    year = {1999},
    howpublished = {\url{https://cs.stanford.edu/people/eroberts/courses/soco/projects/1998-99/robotics/history.html}},
    note = {Course project from CS course on Society, Computing, and the Internet, 1998-99}
}

@misc{robocup_athome,
    title = {{RoboCup@Home League}},
    author = {{RoboCup Federation}},
    year = {2025},
    howpublished = {\url{https://athome.robocup.org/}},
    note = {{Official website of the RoboCup@Home league for autonomous service robots}},
    urldate = {2025-08-27}
}

@misc{justina_uv,
    author = {Claudia Peralta Vázquez},
    title = {Justina, robot de servicio creado en la UNAM},
    howpublished = {\url{https://www.uv.mx/prensa/ciencia/justina-robot-de-servicio-creado-en-la-unam/}},
    year = {2019},
    month = {mayo},
    day = {7},
    organization = {Universidad Veracruzana},
    address = {Xalapa, Ver.},
    note = {Accessed 2025-08-28}
}

@misc{Rulebook_HOME,
    author = {Hart, Justin and Moriarty, Alexander and Pasternak, Katarzyna
    and Kummert, Johannes and Hawkin, Alina and Hassouna, Vanessa
    and Pena Narvaez, Juan Diego and Ruegemer, Leroy
    and von Seelstrang, Leander and Van Dooren, Peter
    and Garcia, Juan Jose, and Mitzutani, Akinobu
    and Jiang, Yuqian and Matsushima, Tatsuya and Polvara, Riccardo},
    title = {RoboCup@Home 2024: Rules and Regulations},
    year = {2024},
    howpublished = {\url{https://github.com/RoboCupAtHome/RuleBook/releases/tag/2024.1}}
}

@book{UCD-Lowdermilk,
  author    = {Travis Lowdermilk},
  title     = {User-Centered Design},
  publisher = {O'Reilly Media, Inc.},
  address   = {Sebastopol, CA},
  edition   = {1a},
  year      = {2013}
}

@book{Ulrich-Eppinger,
  author    = {Karl T. Ulrich and Steven D. Eppinger},
  title     = {Dise{\~n}o y desarrollo de productos},
  publisher = {McGraw-Hill/Interamericana Editores, S.A. de C.V.},
  address   = {M{\'e}xico, D.F.},
  edition   = {5a},
  year      = {2013},
  note      = {Traducci{\'o}n de la 5a edici{\'o}n de Product Design and Development}
}

@misc{BioRoboticsUNAM,
  author       = {{BioRobotics Laboratory, UNAM}},
  title        = {{Pumas OPL (Justina Robot)}},
  howpublished = {[Online]. Available: \url{https://biorobotics.fi-p.unam.mx/robot-justina/}},
  year         = {2025},
  note         = {Accessed: Oct. 1, 2025}
}