@misc{justina_uv,
    author = {Claudia Peralta VÃ¡zquez},
    title = {Justina, robot de servicio creado en la UNAM},
    howpublished = {\url{https://www.uv.mx/prensa/ciencia/justina-robot-de-servicio-creado-en-la-unam/}},
    year = {2019},
    month = {mayo},
    day = {7},
    organization = {Universidad Veracruzana},
    address = {Xalapa, Ver.},
    note = {Accessed 2025-08-28}
}