@misc{hernandez2020robotica,
    author = {Yasmín Hernandez},
    title = {Robótica de Servicio},
    year = {2020},
    howpublished = {\url{https://www.researchgate.net/profile/Yasmin-Hernandez-2/publication/340634786_Robotica_de_Servicio/links/5e96334a4585150839de623a/Robotica-de-Servicio.pdf}},
    note = {Disponible en ResearchGate}
}

@misc{stanford_robotics_history,
    title = {Robotics: A Brief History},
    author = {Stanford University Computer Science Department},
    year = {1999},
    howpublished = {\url{https://cs.stanford.edu/people/eroberts/courses/soco/projects/1998-99/robotics/history.html}},
    note = {Course project from CS course on Society, Computing, and the Internet, 1998-99}
}

@misc{robocup_athome,
    title = {{RoboCup@Home League}},
    author = {{RoboCup Federation}},
    year = {2025},
    howpublished = {\url{https://athome.robocup.org/}},
    note = {{Official website of the RoboCup@Home league for autonomous service robots}},
    urldate = {2025-08-27}
}

@misc{justina_uv,
    author = {Claudia Peralta Vázquez},
    title = {Justina, robot de servicio creado en la UNAM},
    howpublished = {\url{https://www.uv.mx/prensa/ciencia/justina-robot-de-servicio-creado-en-la-unam/}},
    year = {2019},
    month = {mayo},
    day = {7},
    organization = {Universidad Veracruzana},
    address = {Xalapa, Ver.},
    note = {Accessed 2025-08-28}
}

@misc{robocup_history,
  author       = {{RoboCup Federation}},
  title        = {A Brief History of {RoboCup}},
  howpublished = {\url{https://www.robocup.org/a_brief_history_of_robocup}},
  note         = {Accessed: 2025-10-06},
  year         = {2025}
}

@misc{Rulebook_HOME,
    author = {Hart, Justin and Moriarty, Alexander and Pasternak, Katarzyna
    and Kummert, Johannes and Hawkin, Alina and Hassouna, Vanessa
    and Pena Narvaez, Juan Diego and Ruegemer, Leroy
    and von Seelstrang, Leander and Van Dooren, Peter
    and Garcia, Juan Jose, and Mitzutani, Akinobu
    and Jiang, Yuqian and Matsushima, Tatsuya and Polvara, Riccardo},
    title = {RoboCup\@Home 2024: Rules and Regulations},
    year = {2024},
    howpublished = {\url{https://github.com/RoboCupAtHome/RuleBook/releases/tag/2024.1}}
}

@book{UCD-Lowdermilk,
  author    = {Travis Lowdermilk},
  title     = {User-Centered Design},
  publisher = {O'Reilly Media, Inc.},
  address   = {Sebastopol, CA},
  edition   = {1a},
  year      = {2013}
}

@book{Ulrich-Eppinger,
  author    = {Karl T. Ulrich \& Steven D. Eppinger},
  title     = {Dise{\~n}o y desarrollo de productos},
  publisher = {McGraw-Hill/Interamericana Editores, S.A. de C.V.},
  address   = {M{\'e}xico, D.F.},
  edition   = {5a},
  year      = {2013},
  note      = {Traducci{\'o}n de la 5a edici{\'o}n de Product Design and Development}
}

@misc{BioRoboticsUNAM,
  author       = {{BioRobotics Laboratory, UNAM}},
  title        = {{Pumas OPL (Justina Robot)}},
  howpublished = {[Online]. Available: \url{https://biorobotics.fi-p.unam.mx/robot-justina/}},
  year         = {2025},
  note         = {Accessed: Oct. 1, 2025}
}

% ----- Libros
@book{bajd_introRobotics,
    author = {Bajd, Tadej and Mihelj, Matjaz},
    title = {Introduction to Robotics},
    publisher = {Springer},
    year = {2013},
    edition = {1ra},
    isbn = {978-94-007-6100-1},
}

@book{craig_introRobotics,
    author = {Craig, John J.},
    title = {Introduction to Robotics: Mechanics and Control},
    publisher = {Pearson Prentice Hall},
    year = {2006},
    edition = {3ra},
    isbn = {0-13-123629-6},
}

@book{arkin,
    author = {Arkin, Ronald C.},
    title = {Behavior-Based Robotics},
    publisher = {MIT Press},
    year = {1998},
    edition = {1ra},
}

% ------  Capítulos
@incollection{yazmin_intro,
  author    = {Sucar Succar, L. Enrique},
  title     = {Introducción},
  booktitle = {Robótica de Servicio},
  editor    = {Sucar, Enrique and Hernández, Yasmín},
  publisher = {Academia Mexicana de Computación, A.C.},
  year      = {2019},
  edition = {2da},
  pages     = {1--5},
  chapter   = {1}
}

@incollection{yazmin_robotsServicio,
  author    = {Savage Carmona, Jesús},
  title     = {Robots de Servicio},
  booktitle = {Robótica de Servicio},
  editor    = {Sucar, Enrique and Hernández, Yasmín},
  publisher = {Academia Mexicana de Computación, A.C.},
  year      = {2019},
  edition = {2da},
  pages     = {7--23},
  chapter   = {2}
}

@incollection{robotics_handbook,
  author    = {Siciliano, Bruno and Khatib, Oussama},
  title     = {Robotics and the Handbook},
  booktitle = {Handbook of Robotics},
  editor    = {Siciliano, Bruno and Khatib, Oussama},
  publisher = {Springer},
  year      = {2016},
  edition = {2da},
  pages     = {1--6},
  chapter   = {1}
}

% ---- Artihculos
@INPROCEEDINGS{nimbro_manipulation,
  author={Stückler, Jörg and Behnke, Sven},
  booktitle={2009 9th IEEE-RAS International Conference on Humanoid Robots}, 
  title={Integrating indoor mobility, object manipulation, and intuitive interaction for domestic service tasks}, 
  year={2009},
  pages={506-513},
  doi={10.1109/ICHR.2009.5379529}
}

@INPROCEEDINGS{gates_article,
  author={Gates, Bill},
  booktitle={Scientific American, Inc.},
  title={A Robot in Every Home}, 
  year={2006},
  pages={58-65},
}

@INPROCEEDINGS{bicchi_grasping,
  author={Bicchi, Antonio and Kumar, Vijay},
  booktitle={Proceedings 2000 ICRA. Millennium Conference. IEEE International Conference on Robotics and Automation. Symposia Proceedings},
  title={Robot grasping and contact: A  review}, 
  year={2000},
  pages={348-353},
  doi={10.1109/ROBOT.2000.844081}
}

@INPROCEEDINGS{jaume2_manipulation,
  author={Prats, Mario and Sanz, Pedro J. and Martínez, Ester and Marín, Raúl and del Pobil, Angel P.},
  booktitle={Revista Iberoamericana de Automática e Informática Industrial},
  title={Manipulación autónoma multipropósito en el robot de servicios Jaume-2}, 
  year={2008},
  pages={25-37},
  issn={1697-7912}
}

@INPROCEEDINGS{prueba,
  author={Prats, Mario and Sanz, Pedro J. and Martínez, Ester and Marín, Raúl and del Pobil, Angel P.},
  booktitle={Revista Iberoamericana de Automática e Informática Industrial},
  title={Manipulación autónoma multipropósito en el robot de servicios Jaume-2}, 
  year={2008},
  pages={25-37},
  issn={1697-7912}
}